

@inproceedings{Pham2018,
author = {Pham, Congduc},
booktitle={Proceedings of Wireless Days (WD~'18)},
title = {Robust CSMA for long-range LoRa transmissions with image sensing devices},
year = {2018},
publisher={IEEE}
}

@inproceedings{trub2018increasing,
title={Increasing Throughput and Efficiency of LoRaWAN Class A},
author={Tr{\"u}b, Roman and Thiele, Lothar},
booktitle={Proceedings of the International Conference on Mobile Ubiquitous Computing, Systems, Services and Technologies (UBICOMM~'18)},
year={2018},
publisher={IARIA}
}

@inproceedings{Yousuf2018,
author = {Yousuf, Asif M. and Rochester, Edward M. and Ousat, Behnam and Ghaderi, Majid},
booktitle = {Proceedings of the International Symposium on Quality of Service (IWQoS~'18)},
title = {Throughput, Coverage and Scalability of LoRa LPWAN for Internet of Things},
year = {2019},
publisher = {IEEE}
}

@inproceedings{charm2018,
  title={Charm: exploiting geographical diversity through coherent combining in low-power wide-area networks},
  author={Dongare, Adwait and Narayanan, Revathy and Gadre, Akshay and Luong, Anh and Balanuta, Artur and Kumar, Swarun and Iannucci, Bob and Rowe, Anthony},
  booktitle={Proceedings of the International Conference on Information Processing in Sensor Networks (IPSN~'18)},
  year={2018},
  publisher = {IEEE}
}

@inproceedings{choir2017,
author = {Eletreby, Rashad and Zhang, Diana and Kumar, Swarun and Yaundefinedan, Osman},
title = {Empowering Low-Power Wide Area Networks in Urban Settings},
year = {2017},
publisher = {ACM},
booktitle = {Proceedings of Special Interest Group on Data Communication (SIGCOMM~'17)}
}

@inproceedings{plora2018,
  title={PLoRa: A passive long-range data network from ambient LoRa transmissions},
  author={Peng, Yao and Shangguan, Longfei and Hu, Yue and Qian, Yujie and Lin, Xianshang and Chen, Xiaojiang and Fang, Dingyi and Jamieson, Kyle},
  publisher = {ACM},
  booktitle={Proceedings of Special Interest Group on Data Communication (SIGCOMM~'18)},
  year={2018}
}

@article{Piyare2018,
author = {Piyare, Rajeev and Murphy, Amy L. and Magno, Michele and Benini, Luca},
journal = {Sensors},
title = {On-demand LoRa: Asynchronous TDMA for energy efficient and low latency communication in IoT},
year = {2018},
volume = {18},
number = {11},
publisher={MDPI AG}
}

@article{gu2019one,
  title={One-Hop Out-of-Band Control Planes for Multi-Hop Wireless Sensor Networks},
  author={Gu, Chaojie and Tan, Rui and Lou, Xin},
  journal={ACM Transactions on Sensor Networks (TOSN)},
  volume={15},
  number={4},
  year={2019},
  publisher={ACM}
}

@article{Liando2019,
author = {Liando, Jansen C. and Gamage, Amalinda and Tengourtius, Agustinus W. and Li, Mo},
title = {Known and Unknown Facts of LoRa: Experiences from a Large-Scale Measurement Study},
year = {2019},
publisher = {ACM},
address = {New York, NY, USA},
volume = {15},
number = {2},
journal = {ACM Transactions on Sensor Networks (TOSN)},
}

@article{Talla2017,
author = {Talla, Vamsi and Hessar, Mehrdad and Kellogg, Bryce and Najafi, Ali and Smith, Joshua R. and Gollakota, Shyamnath},
title = {LoRa Backscatter: Enabling The Vision of Ubiquitous Connectivity},
year = {2017},
publisher = {ACM},
volume = {1},
number = {3},
journal = {Interactive, Mobile, Wearable and Ubiquitous Technologies (IMWUT) }
}

@techreport{lorawan,
  author= {LoRa Alliance Technical Committee},
  title = {LoRaWAN\texttrademark 1.1 Specification},
  month = oct,
  year = {2017},
  institution = {LoRa Alliance}
}

@techreport{etsi-en-300-220-2,
  type = {Standard},
  author = {ETSI},
  month = apr,
  year = {2018},
  title = {Short Range Devices (SRD) operating in the frequency range 25 MHz to 1 000 MHz; Part 2: Harmonised Standard for access to radio spectrum for non specific radio equipment },
  address = {Valbonne, FR},
  institution = {STSI}
}

@techreport{an1200.21,
  author = {},
  title = {Reading channel RSSI during a CAD},
  month = oct,
  year = {2014},
  note = {AN1200.21},
  institution = {Semtech Corporation}
}

@techreport{an1200.13,
  author = {},
  title = {SX1272/3/6/7/8: LoRa Modem},
  month = jul,
  year = {2013},
  note = {AN1200.13},
  institution = {Semtech Corporation}}

@online{arduinolora,
  title={Arduino-LoRa},
  author={Sandeep Mistry},
  url={https://github.com/sandeepmistry/arduino-LoRa},
  year={2020},
}

@online{s3r6,
url={https://github.comAmalinda/RAID6},
title={S3 RAID-6},
author={Ismail \& Amalinda},
year={2020},
}

@online{lora_gateway,
  title={LoRa Gateway Project},
  author={Semtech},
  url={https://github.com/Lora-net/lora_gateway},
  year={2020},
}

@online{wasabiS3,
  title={Wasabi S3},
  author={Wasabi Technologies},
  url={https://wasabi.com/s3-compatible-cloud-storage/},
  year={2020},
}

@online{wasabiDocs,
  title={Wasabi S3 API Documentation},
  author={Wasabi Technologies},
  url={https://wasabi.com/wp-content/themes/wasabi/docs/API_Guide/index.html#t=topics\%2FFrontMatter.htm},
  year={2020},
}

@online{rak831,
  title={LoRa Gateway Module},
  author={Shenzhen RAKwireless Technology Co. Ltd.},
  url={https://www.rakwireless.com/en-us/products/rak831},
  year={2020},
}

@online{lora_gw_ic,
  title={LoRa SX1301 Digital Baseband Chip},
  author={Semtech Corporation},
  url={https://www.semtech.com/products/wireless-rf/lora-gateways/sx1301},
  year={2020}
}

@online{SX1257,
  title={SX1257},
  author={Semtech Corporation},
  url={https://www.semtech.com/products/wireless-rf/lora-gateways/sx1257},
  year={2020}
}

@online{Cisco,
  title={Cisco Wireless Gateway for LoRaWAN},
  author={Cisco},
  url={https://www.cisco.com/c/en/us/products/routers/wireless-gateway-lorawan/index.html},
  year={2020}
}

@online{MultiTech,
  title={MultiTech Conduit},
  author={MultiTech},
  url={https://www.multitech.com/models/94557508LF},
  year={2020}
}

@online{Kerlink,
  title={Kerlink LoRa Gateway},
  author={Kerlink},
  url={https://www.kerlink.com/product/wirnet-ifemtocell/},
  year={2020}
}
@online{monsoon,
  title={High Voltage Power Monitor},
  author={Monsoon Solutions},
  url={https://www.msoon.com/online-store/High-Voltage-Power-Monitor-Part-Number-AAA10F-p90002590},
  year={2020}
}

@article{wireguard,
author = {Donenfeld, Jason A.},
title = {WireGuard: Next Generation Kernel Network Tunnel},
year = {2017}
}

@inproceedings{wifidB,
  title={Automated estimation of link quality for LoRa: a remote sensing approach},
  author={Demetri, Silvia and Z{\'u}{\~n}iga, Marco and Picco, Gian Pietro and Kuipers, Fernando and Bruzzone, Lorenzo and Telkamp, Thomas},
  booktitle={Proceedings of the International Conference on Information Processing in Sensor Networks (IPSN~'19)},
  year={2019},
  publisher={IEEE}
}

@inproceedings{pieter,
  title={A multi-channel software decoder for the LoRa modulation scheme},
  author={Robyns, Pieter and Quax, Peter and Lamotte, Wim and Thenaers, William},
  booktitle={Proceedings of the International Conference on Internet of Things, Big Data and Security (IoTBDS)},
  publisher={SciTePress},
  year={2018}
}

@inproceedings{ftrack,
  title={FTrack: parallel decoding for LoRa transmissions},
  author={Xia, Xianjin and Zheng, Yuanqing and Gu, Tao},
  booktitle={Proceedings of the Embedded Networked Sensor Systems (SENSYS~'19)},
  publisher={ACM},
  year={2019}
}


@article{sundaram2019survey,
  title={A Survey on LoRa Networking: Research Problems, Current Solutions and Open Issues},
  author={Sundaram, Jothi Prasanna Shanmuga and Du, Wan and Zhao, Zhiwei},
  journal={IEEE Communications Surveys \& Tutorials},
  year={2019},
  publisher={IEEE}
}

@inproceedings{ghena2019challenge,
  title={Challenge: Unlicensed LPWANs Are Not Yet the Path to Ubiquitous Connectivity},
  author={Ghena, Branden and Adkins, Joshua and Shangguan, Longfei and Jamieson, Kyle and Levis, Philip and Dutta, Prabal},
  booktitle={Proceedings of the International Conference on Mobile Computing and Networking (MobiCom~'19)},
  publisher={ACM},
  year={2019}
}

@article{chan2019deepsense,
  title={DeepSense: Enabling Carrier Sense in Low-Power Wide Area Networks Using Deep Learning},
  author={Chan, Justin and Wang, Anran and Krishnamurthy, Arvind and Gollakota, Shyamnath},
  journal={arXiv preprint arXiv:1904.10607},
  year={2019}
}

@article{beltramelli2020lora,
  title={LoRa beyond ALOHA: An Investigation of Alternative Random Access Protocols},
  author={Beltramelli, Luca and Mahmood, Aamir and {\"O}sterberg, Patrik and Gidlund, Mikael},
  journal={arXiv preprint arXiv:2002.10732},
  year={2020}
}

@inproceedings{hessar2019netscatter,
  title={Netscatter: Enabling large-scale backscatter networks},
  author={Hessar, Mehrdad and Najafi, Ali and Gollakota, Shyamnath},
  booktitle={Proceedings of the Symposium on Networked Systems Design and Implementation (NSDI~'19)},
  publisher = {USENIX Association},
  year={2019}
}

@inproceedings{gadre2020frequency,
  title={Frequency Configuration for Low-Power Wide-Area Networks in a Heartbeat},
  author={Gadre, Akshay and Narayanan, Revathy and Luong, Anh and Rowe, Anthony and Iannucci, Bob and Kumar, Swarun},
  booktitle={Proceedings of the Symposium on Networked Systems Design and Implementation (NSDI~'20)},
  publisher = {USENIX Association},
  year={2020}
}

@article{choi2017fog,
  title={A fog operating system for user-oriented IoT services: Challenges and research directions},
  author={Choi, Nakjung and Kim, Daewoo and Lee, Sung-Ju and Yi, Yung},
  journal={IEEE Communications Magazine},
  volume={55},
  number={8},
  year={2017},
  publisher={IEEE}
}

@article{bakshi2019emit,
  title={EMIT: An efficient MAC paradigm for the Internet of Things},
  author={Bakshi, Arjun and Chen, Lu and Srinivasan, Kannan and Koksal, C Emre and Eryilmaz, Atilla},
  journal={IEEE/ACM Transactions on Networking},
  volume={27},
  number={4},
  year={2019},
  publisher={IEEE}
}

@inproceedings{voigt2016mitigating,
  title={Mitigating inter-network interference in LoRa Networks},
  author={Voigt, Thiemo and Bor, Martin and Roedig, Utz and Alonso, Juan},
  booktitle = {Proceedings of the 2017 International Conference on Embedded Wireless Systems and Networks (EWSN~'17)},
  publisher = {Junction Publishing},
  year={2017}
}

@article{augustin2016study,
  title={A study of LoRa: Long range \& low power networks for the internet of things},
  author={Augustin, Alo{\"y}s and Yi, Jiazi and Clausen, Thomas and Townsley, William Mark},
  journal={Sensors},
  volume={16},
  number={9},
  year={2016},
  publisher={Multidisciplinary Digital Publishing Institute}
}

@article{adelantado2017understanding,
  title={Understanding the limits of LoRaWAN},
  author={Adelantado, Ferran and Vilajosana, Xavier and Tuset-Peiro, Pere and Martinez, Borja and Melia-Segui, Joan and Watteyne, Thomas},
  journal={IEEE Communications magazine},
  volume={55},
  number={9},
  year={2017},
  publisher={IEEE}
}

@inproceedings{neumann2016indoor,
  title={Indoor deployment of low-power wide area networks (LPWAN): A LoRaWAN case study},
  author={Neumann, Pierre and Montavont, Julien and Noel, Thomas},
  booktitle={Proceedings of the International Conference on Wireless and Mobile Computing, Networking and Communications (WiMob~'16)},
  year={2016},
  publisher={IEEE}
}

@inproceedings{mikhaylov2016analysis,
  title={Analysis of capacity and scalability of the LoRa low power wide area network technology},
  author={Mikhaylov, Konstantin and Petaejaejaervi, Juha and Haenninen, Tuomo},
  booktitle={Proceedings of the European Wireless Conference (EW~'16)},
  year={2016},
  publisher={VDE}
}

@inproceedings{bor2016lora,
  title={Do LoRa low-power wide-area networks scale?},
  author={Bor, Martin C and Roedig, Utz and Voigt, Thiemo and Alonso, Juan M},
  booktitle={Proceedings of the International Conference on Modeling, Analysis and Simulation of Wireless and Mobile Systems (MSWIM~'16)},
  publisher = {ACM},
  year={2016}
}

@inproceedings{mehdi,
author = {Zhao, Cui and Li, Zhenjiang and Liu, Ting and Ding, Han and Han, Jinsong and Xi, Wei and Gui, Ruowei },
title = {RF-Mehndi: A Fingertip Profiled RF Identifier},
booktitle={Proceedings of the International Conference on Computer Communications (INFOCOMM~'19)},
year = {2019},
publisher = {IEEE},
}

@inproceedings{mikhaylov2017lorawan,
  title={On LoRaWAN scalability: Empirical evaluation of susceptibility to inter-network interference},
  author={Mikhaylov, Konstantin and Pet{\"a}j{\"a}j{\"a}rvi, Juha and Janhunen, Janne},
  booktitle={Proceedings of the European Conference on Networks and Communications (EuCNC~'17)},
  year={2017},
  publisher={IEEE}
}

@inproceedings{gao2019towards,
  title={Towards Energy-Fairness in LoRa Networks},
  author={Gao, Weifeng and Du, Wan and Zhao, Zhiwei and Min, Geyong and Singhal, Mukesh},
  booktitle={Proceedings of the International Conference on Distributed Computing Systems (ICDCS~'19)},
  year={2019},
  publisher={IEEE}
}

@inproceedings {Yunhao,
author = {Tong, Shuai and Wang, Jiliang and Liu, Yunhao},
title = {Combating Packet Collisions Using Non-Stationary Signal Scaling in LPWANs},
booktitle = {Proceedings of the International Conference on Mobile Systems, Applications, and Services (MobiSys~'20)},
year = {2020},
publisher={ACM}





}

@ARTICLE{wifi,
author={},
journal={IEEE Std 802.11-2007 (Revision of IEEE Std 802.11-1999)},
title={IEEE Standard for Information Technology - Telecommunications and Information Exchange Between Systems - Local and Metropolitan Area Networks - Specific Requirements - Part 11: Wireless LAN Medium Access Control (MAC) and Physical Layer (PHY) Specifications},
year={2007}
}

@ARTICLE{bluetooth,
author={},
journal={IEEE Std 802.15.1-2005 (Revision of IEEE Std 802.15.1-2002)},
title={IEEE Standard for Information technology-- Local and metropolitan area networks-- Specific requirements-- Part 15.1a: Wireless Medium Access Control (MAC) and Physical Layer (PHY) specifications for Wireless Personal Area Networks (WPAN)},
year={2005},
volume={},
number={}
}



@online{speedTest_2020, 
title={Spedd Test: Global Index}, 
url={https://www.speedtest.net/global-index}, 
year={2020}, 
month={Oct},
author={Speed Test},
}

@online{statistica_2020, 
title={Internet usage worldwide – statistics and facts}, 
url={https://www.statista.com/topics/1145/internet-usage-worldwide/}, 
year={2020}, 
month={Oct},
author={Statista},

}

@online{raid6_2011, 
title={The mathematics of RAID-6}, 
url={https://mirrors.edge.kernel.org/pub/linux/kernel/people/hpa/raid6.pdf/}, 
author={H. Peter Anvin},
year={2011}, 
month={Dec}
}

@online{raid6_stop_2019, 
title={Why RAID 6 stops working in 2019},
url={https://www.zdnet.com/article/why-raid-6-stops-working-in-2019}, 
author={ Robin Harris},
year={2019},
month={Feb}
}


@online{cloud_2020, 
title={Best cloud storage services of 2020: Top providers for storing your data online
}, 
url={https://www.techradar.com/sg/news/the-best-cloud-storage}, 
author={Desire Athow },
year={2020},
month={Nov}
}



@book{matrix_1991,
author={Roger A. Horn and Charles R. Johnson},
title={Topics in matrix analysis},
publisher={Cambridge University Press},
year={1991},
}



@article{raid_survey,
author = {Chen, Peter M. and Lee, Edward K. and Gibson, Garth A. and Katz, Randy H. and Patterson, David A.},
title = {RAID: High-Performance, Reliable Secondary Storage},
year = {1994},
issue_date = {June 1994},
publisher = {Association for Computing Machinery},
address = {New York, NY, USA},
volume = {26},
number = {2},
issn = {0360-0300},
journal = {ACM Comput. Surv.},
month = jun,
pages = {145–185},
numpages = {41},
keywords = {storage, striping, RAID, disk array, redundancy, parallel I/O}
}


@inproceedings {Failure_Trends_2007,
author = {Eduardo Pinheiro and Wolf-Dietrich Weber and Luiz Andr{\'e} Barroso},
title = {Failure Trends in a Large Disk Drive Population },
booktitle = {5th {USENIX} Conference on File and Storage Technologies ({FAST} 07)},
year = {2007},
address = {San Jose, CA},
url = {https://www.usenix.org/conference/fast-07/failure-trends-large-disk-drive-population},
publisher = {{USENIX} Association},
month = feb,
}



